<?xml version="1.0" encoding="UTF-8"?><collection xmlns="http://www.loc.gov/MARC21/slim"><record><leader>00728nam--2200181-i-4500</leader><controlfield tag="001">000043329</controlfield><controlfield tag="002">20161230</controlfield><controlfield tag="005">20161230201044</controlfield><controlfield tag="008">060222s1000------------r-----000-0-eng-d</controlfield><datafield ind1=" " ind2=" " tag="040"><subfield code="a">IFIN-HH</subfield></datafield><datafield ind1=" " ind2=" " tag="080"><subfield code="a">539.12.04</subfield></datafield><datafield ind1="1" ind2=" " tag="110"><subfield code="a">American Society For Testing And Materials</subfield></datafield><datafield ind1="1" ind2="0" tag="245"><subfield code="a">Symposium on the chemical and physical effects of high-energy radiation on inorganic substances</subfield><subfield code="b">Presented at the sxty-sixth annual meeting american society for testing and materials atlantic city, n.j., june 25, 1963</subfield></datafield><datafield ind1=" " ind2=" " tag="260"><subfield code="a">Philadelphia</subfield><subfield code="b">American Society For Testing And Materials</subfield><subfield code="c">1964</subfield></datafield><datafield ind1="1" ind2=" " tag="300"><subfield code="a">VI + 112 P</subfield></datafield><datafield ind1=" " ind2=" " tag="490"><subfield code="a">Astm Special Technical Publication</subfield><subfield code="v">No.359</subfield></datafield><datafield ind1=" " ind2=" " tag="852"><subfield code="a">22057</subfield><subfield code="c">539.12.04</subfield></datafield><datafield ind1=" " ind2=" " tag="CAT"><subfield code="a">Sys</subfield><subfield code="c">20120206</subfield><subfield code="h">151257</subfield></datafield></record></collection>